% Encoding: UTF-8

@WWW{Zorgwijzer2017,
  author       = {Zorgwijzer},
  title        = {Wat is de Wet langdurige zorg (Wlz)?},
  year         = {2017},
  date         = {2017-1-13},
  url          = {http://www.zorgwijzer.nl/faq/wlz},
  language     = {Dutch},
  organization = {Zorgwijzer},
}

@Report{Kobes2016,
  author      = {Margrethe Kobes and Rijk van den Dikkenberg and Ren√© Hagen},
  title       = {Jaaroverzicht fatale woningbranden 2015},
  institution = {Instituut Fysieke Veiligheid},
  year        = {2016},
  date        = {2016-4-1},
  language    = {dutch},
  chapter     = {Inleiding},
  pages       = {4},
  url         = {http://www.ifv.nl/advieseninnovatie/Documents/20160405-BA-Jaaroverzicht-fatale-woningbranden-2015.pdf},
}

@WWW{2012,
  author       = {{Onderzoeksraad voor veiligheid}},
  title        = {Brand GGZ instelling Rivierduinen, Oegstgeest, 12 maart 2011},
  year         = {2012},
  date         = {2012-4-19},
  url          = {https://www.onderzoeksraad.nl/nl/onderzoek/1020/brand-ggz-instelling-rivierduinen-oegstgeest-12-maart-2011},
  language     = {Dutch},
  organization = {Onderzoeksraad voor veiligheid},
}

@Misc{BinnenlandseZakenenKoninkrijksrelaties,
  author       = {{Ministerie van Binnenlandse Zaken en Koninkrijksrelaties}},
  title        = {Intergrake nota van toelichting van Bouwbesluit 2012, Artikel 6.20 Brandmeldinstallatie},
  year         = {2012},
  language     = {Dutch},
  organization = {Ministerie van Binnenlandse Zaken en Koninkrijksrelaties},
  url          = {https://rijksoverheid.bouwbesluit.com/Inhoud/docs/wet/bb2012_nvt/artikelsgewijs/hfd6/afd6-5/art6-20},
}

@WWW{Persoonsgegevens2016,
  author       = {{Autoriteit Persoonsgegevens}},
  title        = {Cameratoezicht in een zorginstelling},
  year         = {2016},
  url          = {https://autoriteitpersoonsgegevens.nl/nl/onderwerpen/cameratoezicht/cameratoezicht-een-zorginstelling},
  language     = {Dutch},
  organization = {Autoritiet Persoonsgegevens},
}

@Comment{jabref-meta: databaseType:biblatex;}
